@article{Velex1996,
   author = {Velex, P and Flamand, L},
   title = {Dynamic response of planetary trains to mesh parametric excitations},
   journal = {Journal of mechanical design},
   volume = {118},
   number = {1},
   pages = {7-14},
   ISSN = {1050-0472},
   year = {1996},
   type = {Journal Article}
}

@article{Acar2019,
   author = {Acar, Gizem D and Feeny, Brian F},
   title = {Approximate Floquet Analysis of Parametrically Excited Multi-Degree-of-Freedom Systems With Application to Wind Turbines},
   journal = {Journal of Vibration and Acoustics},
   volume = {141},
   number = {1},
   ISSN = {1048-9002},
   year = {2019},
   type = {Journal Article}
}

@book{Arscott2014,
   author = {Arscott, Felix Medland},
   title = {Periodic differential equations: an introduction to Mathieu, Lam√©, and allied functions},
   publisher = {Elsevier},
   volume = {66},
   ISBN = {1483164888},
   year = {2014},
   type = {Book}
}